@ARTICLE{astropy,
   author = {{Astropy Collaboration} and {Robitaille}, T.~P. and {Tollerud}, E.~J. and 
	{Greenfield}, P. and {Droettboom}, M. and {Bray}, E. and {Aldcroft}, T. and 
	{Davis}, M. and {Ginsburg}, A. and {Price-Whelan}, A.~M. and 
	{Kerzendorf}, W.~E. and {Conley}, A. and {Crighton}, N. and 
	{Barbary}, K. and {Muna}, D. and {Ferguson}, H. and {Grollier}, F. and 
	{Parikh}, M.~M. and {Nair}, P.~H. and {Unther}, H.~M. and {Deil}, C. and 
	{Woillez}, J. and {Conseil}, S. and {Kramer}, R. and {Turner}, J.~E.~H. and 
	{Singer}, L. and {Fox}, R. and {Weaver}, B.~A. and {Zabalza}, V. and 
	{Edwards}, Z.~I. and {Azalee Bostroem}, K. and {Burke}, D.~J. and 
	{Casey}, A.~R. and {Crawford}, S.~M. and {Dencheva}, N. and 
	{Ely}, J. and {Jenness}, T. and {Labrie}, K. and {Lim}, P.~L. and 
	{Pierfederici}, F. and {Pontzen}, A. and {Ptak}, A. and {Refsdal}, B. and 
	{Servillat}, M. and {Streicher}, O.},
    title = "{Astropy: A community Python package for astronomy}",
  journal = {\aap},
archivePrefix = "arXiv",
   eprint = {1307.6212},
 primaryClass = "astro-ph.IM",
 keywords = {methods: data analysis, methods: miscellaneous, virtual observatory tools},
     year = 2013,
    month = oct,
   volume = 558,
      eid = {A33},
    pages = {A33},
      doi = {10.1051/0004-6361/201322068},
   adsurl = {http://adsabs.harvard.edu/abs/2013A%26A...558A..33A},
  adsnote = {Provided by the SAO/NASA Astrophysics Data System}
}

@ARTICLE{mpl,
   author = {{Hunter}, J.~D.},
    title = "{Matplotlib: A 2D Graphics Environment}",
  journal = {Computing in Science and Engineering},
 keywords = {Python, Scripting languages, Application development, Scientific programming  },
     year = 2007,
    month = may,
   volume = 9,
    pages = {90-95},
      doi = {10.1109/MCSE.2007.55},
   adsurl = {http://adsabs.harvard.edu/abs/2007CSE.....9...90H},
  adsnote = {Provided by the SAO/NASA Astrophysics Data System}
}

@article{numpy,
 author = {Walt, Stefan van der and Colbert, S. Chris and Varoquaux, Gael},
 title = {The NumPy Array: A Structure for Efficient Numerical Computation},
 journal = {Computing in Science and Engg.},
 issue_date = {March 2011},
 volume = {13},
 number = {2},
 month = mar,
 year = {2011},
 issn = {1521-9615},
 pages = {22--30},
 numpages = {9},
 url = {http://dx.doi.org/10.1109/MCSE.2011.37},
 doi = {10.1109/MCSE.2011.37},
 acmid = {1957466},
 publisher = {IEEE Educational Activities Department},
 address = {Piscataway, NJ, USA},
 keywords = {NumPy, Python, Python, NumPy, scientific programming, numerical computations, programming libraries, numerical computations, programming libraries, scientific programming},
}

@Misc{scipy,
  author =    {Eric Jones and Travis Oliphant and Pearu Peterson and others},
  title =     {{SciPy}: Open source scientific tools for {Python}},
  year =      {2001--},
  url = "http://www.scipy.org/"
}

@ARTICLE{gala,
   author = {{Price-Whelan}, A.~M.},
    title = "{Gala: A Python package for galactic dynamics}",
  journal = {The Journal of Open Source Software},
 keywords = {galactic dynamics, python, stellar kinematics},
     year = 2017,
    month = oct,
   volume = 2,
      eid = {388},
    pages = {388},
      doi = {10.21105/joss.00388},
   adsurl = {http://adsabs.harvard.edu/abs/2017JOSS....2..388P},
  adsnote = {Provided by the SAO/NASA Astrophysics Data System}
}

@article{ipython,
  Author = {P\'erez, Fernando and Granger, Brian E.},
  Date-Added = {2017-08-04 07:38:09 +0000},
  Date-Modified = {2017-08-04 07:38:09 +0000},
  Doi = {10.1109/MCSE.2007.53},
  Issn = {1521-9615},
  Journal = {Computing in Science and Engineering},
  Month = may,
  Number = {3},
  Pages = {21--29},
  Publisher = {IEEE Computer Society},
  Title = {{IP}ython: a System for Interactive Scientific Computing},
  Url = {http://ipython.org},
  Volume = {9},
  Year = 2007,
  Bdsk-Url-1 = {http://ipython.org},
  Bdsk-Url-2 = {http://dx.doi.org/10.1109/MCSE.2007.53}
} 
